@book{grieves2017digital,
  author    = {Grieves, Michael},
  title     = {Digital Twin: Manufacturing Excellence through Virtual Factory Replication},
  year      = {2017},
  publisher = {Florida Institute of Technology}
}

@article{tao2018digital,
  author  = {Tao, Fei and Qi, Qinglin and Liu, Ang and K{"u}bler, Stephan},
  title   = {Digital twin and big data towards smart manufacturing and industry 4.0: 360 degree comparison},
  journal = {IEEE Access},
  volume  = {6},
  pages   = {3585--3593},
  year    = {2018},
  doi     = {10.1109/ACCESS.2018.2793265}
}

@report{sintef2021digital,
  author      = {Sintef},
  title       = {Digital tvilling -- status og muligheter i norsk industri},
  institution = {SINTEF Digital},
  year        = {2021},
  url         = {https://www.sintef.no/siste-nytt/digital-tvilling-status-og-muligheter/}
}

@misc{regjeringen2022datastrategi,
  author = {{Kommunal- og distriktsdepartementet}},
  title  = {Nasjonal datastrategi for offentlig sektor},
  year   = {2022},
  url    = {https://www.regjeringen.no/no/dokumenter/nasjonal-datastrategi/id2873771/}
}

@inproceedings{boschert2018digital,
  author    = {Boschert, Stefan and Heinrich, Claudia and Rosen, Roland},
  title     = {Digital Twin -- The Simulation Aspect},
  booktitle = {Mechatronic Futures},
  editor    = {Hehenberger, Peter and Bradley, David},
  pages     = {59--74},
  publisher = {Springer},
  address   = {Cham},
  year      = {2018},
  doi       = {10.1007/978-3-319-32156-1_5}
}
